<record><leader>00000cas a22000007a 4500</leader><controlfield tag="001">17569564</controlfield><controlfield tag="008">880303d18981977laucr ne      0    0eng d</controlfield><datafield ind1=" " ind2=" " tag="010"><subfield code="a">sn 88064212 </subfield></datafield><datafield ind1=" " ind2=" " tag="040"><subfield code="a">LNP</subfield><subfield code="b">eng</subfield><subfield code="c">LNP</subfield><subfield code="d">OCLCQ</subfield></datafield><datafield ind1=" " ind2=" " tag="042"><subfield code="a">msc</subfield></datafield><datafield ind1="0" ind2="0" tag="245"><subfield code="a">Denham Springs news.</subfield></datafield><datafield ind1="3" ind2="0" tag="246"><subfield code="a">Denham Springs news and the Livingston times</subfield></datafield><datafield ind1=" " ind2=" " tag="260"><subfield code="a">Denham Springs, La. :</subfield><subfield code="b">G.L. Minton</subfield></datafield><datafield ind1=" " ind2=" " tag="310"><subfield code="a">Semiweekly,</subfield><subfield code="b">Sept. 11, 1967-Sept. 15, 1977</subfield></datafield><datafield ind1=" " ind2=" " tag="321"><subfield code="a">Weekly,</subfield><subfield code="b">&lt;1912&gt;-Sept. 7, 1967</subfield></datafield><datafield ind1="1" ind2=" " tag="362"><subfield code="a">Began in 1898.</subfield></datafield><datafield ind1="0" ind2=" " tag="362"><subfield code="a">-v. 79, no. 20 (Sept. 15, 1977).</subfield></datafield><datafield ind1=" " ind2=" " tag="500"><subfield code="a">Title varies slightly: Denham Springs news and the Livingston times, &lt;Mar. 10, 1921&gt;-June 30, 1921.</subfield></datafield><datafield ind1=" " ind2=" " tag="588"><subfield code="a">Description based on: Vol. 8, no. 46 (Sept. 20, 1906).</subfield></datafield><datafield ind1=" " ind2=" " tag="752"><subfield code="a">United States</subfield><subfield code="b">Louisiana</subfield><subfield code="c">Livingston</subfield><subfield code="d">Denham Springs.</subfield></datafield><datafield ind1="0" ind2="5" tag="780"><subfield code="t">Livingston times (Springfield, La.)</subfield><subfield code="w">(DLC)sn 88064211</subfield></datafield><datafield ind1="0" ind2="0" tag="785"><subfield code="t">Denham Springs and Livingston Parish news</subfield><subfield code="w">(DLC)sn 78006130</subfield></datafield><datafield ind1="1" ind2=" " tag="029"><subfield code="a">AU@</subfield><subfield code="b">000025825038</subfield></datafield></record>